
@article{r1,
	author = {Zhenhua Dong and Zhe Wang and Jun Xu and Ruiming Tang and Jirong Wen},
	title = {A Brief History of Recommender Systems},
	year = {2022},
	url={https://arxiv.org/pdf/2209.01860}
}
@article{r2,
	author = {Dongsheng Li and Jianxun Lian and Le Zhang and Kan Ren and Tun Lu and Tao Wu and Xing Xie},
	title = {Classic Recommendation Algorithms},
	
	url={https://link.springer.com/chapter/10.1007/978-981-99-8964-5_2}
}